@misc{BitcoinMarketCap,
  author = {Cryptocurrency Market Capitalizations},
  title = {Bitcoin Market Capitalization},
  url = {https://coinmarketcap.com/currencies/bitcoin/historical-data/?start=20180816&end=20180816},
  urldate = {2018-08-17}
}

@misc{VisaFactSheet,
  author = {Visa Inc.},
  title = {Visa Inc. Facts \& Figures, Nov 2015},
  url = {https://usa.visa.com/dam/VCOM/download/corporate/media/VisaInc_factsheet_11012015%20(002).pdf},
  urldate = {2018-03-07}
}

@misc{BlockchainTrilemma,
  author = {Ethereum Foundation},
  title = {Blockchain Trilemma},
  url = {https://github.com/ethereum/wiki/wiki/Sharding-FAQ#this-sounds-like-theres-some-kind-of-scalability-trilemma-at-play-what-is-this-trilemma-and-can-we-break-through-it},
  urldate = {2018-03-07}
}

@misc{Zilliqa18,
  author = {Zhe Zilliqa Team},
  title = {The Zilliqa Technical Whitepaper},
  url = {https://docs.zilliqa.com/whitepaper.pdf},
  urldate = {2018-07-10}
}

@misc{Plasma10Min,
  author = {Anthony Akentiev},
  title = {Plasma in 10 minutes},
  url = {https://medium.com/chain-cloud-company-blog/plasma-in-10-minutes-c856da94e339},
  urldate = {2018-07-26}
}


@INPROCEEDINGS{OmniLedger18,
  author = {E. Kokoris-Kogias and P. Jovanovic and L. Gasser and N. Gailly and E. Syta and B. Ford},
  booktitle = {2018 IEEE Symposium on Security and Privacy (SP)},
  title = {OmniLedger: A Secure, Scale-Out, Decentralized Ledger via Sharding},
  year = {},
  volume = {00},
  number = {},
  pages = {19-34},
  keywords={blockchain;sharding;distributed-ledger;cross-shard;decentralization;Byzantine-Fault-Tolerant;trust-but-verify;scalable;ByzCoinX;Atomix;ledger-pruning;state-blocks;randomness},
  doi = {10.1109/SP.2018.000-5},
  url = {doi.ieeecomputersociety.org/10.1109/SP.2018.000-5},
  ISSN = {2375-1207},
  month={}
}


@inproceedings {BitcoinNG16,
  author = {Ittay Eyal and Adem Efe Gencer and Emin Gun Sirer and Robbert Van Renesse},
  title = {Bitcoin-NG: A Scalable Blockchain Protocol},
  booktitle = {13th {USENIX} Symposium on Networked Systems Design and Implementation ({NSDI} 16)},
  year = {2016},
  isbn = {978-1-931971-29-4},
  address = {Santa Clara, CA},
  pages = {45--59},
  url = {https://www.usenix.org/conference/nsdi16/technical-sessions/presentation/eyal},
  publisher = {{USENIX} Association},
}

@misc{BitcoinBlockchainSize,
  author = {Blockchain.info},
  title = {Bitcoin Blockchain Size},
  url = {https://blockchain.info/charts/blocks-size},
  urldate = {2018-03-07}
}

@misc{BlockSizeLimitControversy,
  author = {Bitcoin},
  title = {Block size limit controversy},
  url = {https://en.bitcoin.it/wiki/Block_size_limit_controversy},
  urldate = {2018-03-07}
}

@misc{BitcoinForkBCH,
  author = {Selena Larson},
  title = {Bitcoin split in two, here's what that means},
  url = {http://money.cnn.com/2017/08/01/technology/business/bitcoin-cash-new-currency/index.html},
  urldate = {2018-03-07}
}

@misc{ShardingPatternMS,
  author = {Microsoft},
  title = {Sharding pattern},
  url = {https://docs.microsoft.com/en-us/azure/architecture/patterns/sharding},
  urldate = {2018-03-12}
}

@misc{RaidenNetwork,
  author = {brainbot},
  title = {Raiden Network - Fast, cheap, scalable token transfers for Ethereum},
  url = {https://raiden.network},
  urldate = {2018-04-24}
}

@misc{LightningNetwork,
  author = {Poon, Joseph and Dryja, Thaddeus},
  title = {The Bitcoin Lightning Network: Scalable Off-Chain Instant Payments},
  url = {http://plasma.io/plasma.pdf},
  urldate = {2018-04-24}
}

@misc{Plasma,
  author = {Poon, Joseph and Buterin, Vitalik},
  title = {Plasma: Scalable Autonomous Smart Contracts},
  url = {https://lightning.network/lightning-network-paper.pdf},
  urldate = {2018-04-24}
}

@misc{PreethiHackernoon,
  author = {Preethi Kasireddy},
  title = {Blockchains don’t scale. Not today, at least. But there’s hope.},
  url = {https://hackernoon.com/blockchains-dont-scale-not-today-at-least-but-there-s-hope-2cb43946551a},
  urldate = {2018-03-12}
}

@article{Luu2016,
  author = {Luu, Loi and Narayanan, Viswesh and Zheng, Chaodong and Baweja, Kunal and Gilbert, Seth and Saxena, Prateek},
  title = {A Secure Sharding Protocol For Open Blockchains},
  booktitle = {Proceedings of the 2016 ACM SIGSAC Conference on Computer and Communications Security},
  series = {CCS '16},
  year = {2016},
  isbn = {978-1-4503-4139-4},
  location = {Vienna, Austria},
  pages = {17--30},
  numpages = {14},
  url = {http://doi.acm.org/10.1145/2976749.2978389},
  doi = {10.1145/2976749.2978389},
  acmid = {2978389},
  publisher = {ACM},
  address = {New York, NY, USA},
  keywords = {bitcoin, consensus protocol, sharding}
}

@article{Croman2016,
  author = {Croman, Kyle and Decker, Christian and Eyal, Ittay and Gencer, Adem Efe and Juels, Ari and Kosba, Ahmed and Miller, Andrew and Saxena, Prateek and Shi, Elaine and Gün Sirer, Emin and Song, Dawn and Wattenhofer, Roger},
  year = {2016},
  month = {02},
  numpages = {20},
  title = {On Scaling Decentralized Blockchains (A Position Paper)}
}

@article{Spanner2013,
  author = {James C. Corbett, Jeffrey Dean, Michael Epstein, Andrew Fikes, Christopher Frost, J. J. Furman, Sanjay Ghemawat, Andrey Gubarev, Christopher Heiser, Peter Hochschild, Wilson Hsieh, Sebastian Kanthak, Eugene Kogan, Hongyi Li, Alexander Lloyd, Sergey Melnik, David Mwaura, David Nagle, Sean Quinlan, Rajesh Rao, Lindsay Rolig, Yasushi Saito, Michal Szymaniak, Christopher Taylor, Ruth Wang, and Dale Woodford},
  year = {2013},
  month = {08},
  numpages = {14},
  title = {Spanner: Google’s Globally-Distributed Database}
}

@inproceedings{Glendenning2011,
  author = {Glendenning, Lisa and Beschastnikh, Ivan and Krishnamurthy, Arvind and Anderson, Thomas},
  title = {Scalable Consistency in Scatter},
  booktitle = {Proceedings of the Twenty-Third ACM Symposium on Operating Systems Principles},
  series = {SOSP '11},
  year = {2011},
  isbn = {978-1-4503-0977-6},
  location = {Cascais, Portugal},
  pages = {15--28},
  numpages = {14},
  url = {http://doi.acm.org/10.1145/2043556.2043559},
  doi = {10.1145/2043556.2043559},
  acmid = {2043559},
  publisher = {ACM},
  address = {New York, NY, USA},
  keywords = {Paxos, consistency, distributed systems, distributed transactions, fault tolerance, scalability, storage}
} 

@inproceedings{Kiayias2017,
  author = {Kiayias, Aggelos and Miller, Andrew and Zindros, Dionysis},
  title = {Non-Interactive Proofs of Proof-of-Work},
  year = {2017},
  location = {University of Edinburgh, IOHK}
} 

@misc{Ouroboros2016,
    author = {Aggelos Kiayias and Alexander Russell and Bernardo David and Roman Oliynykov},
    title = {Ouroboros: A Provably Secure Proof-of-Stake Blockchain Protocol},
    howpublished = {Cryptology ePrint Archive, Report 2016/889},
    year = {2016},
    note = {\url{https://eprint.iacr.org/2016/889}},
}

@misc{MongoDBSharding,
  author = {MongoDB},
  title = {Sharding},
  url = {https://docs.mongodb.com/manual/sharding/},
  urldate = {2018-03-12}
}

@misc{ElasticsearchSharding,
  author = {Elasticsearch},
  title = {Sharding},
  url = {https://www.elastic.co/guide/en/elasticsearch/reference/current/_basic_concepts.html#getting-started-shards-and-replicas},
  urldate = {2018-03-12}
}

@misc{BIP100,
  author = {Jeff Garzik},
  title = {Making Decentralized Economic Policy},
  url = {http://gtf.org/garzik/bitcoin/BIP100-blocksizechangeproposal.pdf},
  urldate = {2018-03-12}
}

@misc{BIP101,
  author = {Gavin Andresen},
  title = {Making Decentralized Economic Policy},
  url = {https://github.com/bitcoin/bips/blob/master/bip-0101.mediawiki},
  urldate = {2018-03-12}
}

@misc{BIP101,
  author = {Gavin Andresen},
  title = {Making Decentralized Economic Policy},
  url = {https://github.com/bitcoin/bips/blob/master/bip-0101.mediawiki},
  urldate = {2018-03-12}
}

@incollection{Moore:2000:CMC:333067.333074,
 author = {Moore, Gordon E.},
 chapter = {Cramming More Components Onto Integrated Circuits},
 title = {Readings in Computer Architecture},
 editor = {Hill, Mark D. and Jouppi, Norman P. and Sohi, Gurindar S.},
 year = {2000},
 isbn = {1-55860-539-8},
 pages = {56--59},
 numpages = {4},
 url = {http://dl.acm.org/citation.cfm?id=333067.333074},
 acmid = {333074},
 publisher = {Morgan Kaufmann Publishers Inc.},
 address = {San Francisco, CA, USA},
} 

@bachelorsthesis{Bachmann18,
	author={Bachmann, Simon},
	editor={Bocek, Thomas},
	faculty={Faculty of Business, Economics and Informatics},
	institution={University of Zurich},
	title={Proof of Stake for Bazo},
	year=2018,
}

@bachelorsthesis{Sgier17,
	author={Sgier, Livio},
	editor={Bocek, Thomas and Hamza,  Bedrija  and Rodrigues, Bruno},
	faculty={Faculty of Business, Economics and Informatics},
	institution={University of Zurich},
	title={Bazo - A Cryptocurrency from Scratch},
	year=2017,
}

@bachelorsthesis{Blum18,
	author={Blum, Roman},
	editor={Bocek, Thomas},
	faculty={Institue for Software},
	institution={University of Applied Sciences Rapperswil},
	title={Cryptographic Sortition for Proof of Stake in Bazo},
	year=2018,
}

@article{Garret68,
    author = {Hardin, Garrett},
    day = {13},
    journal = {Science},
    keywords = {commons, quals-commons},
    month = dec,
    number = {3859},
    pages = {1243--1248},
    posted-at = {2007-08-14 22:39:29},
    priority = {2},
    title = {{The Tragedy of the Commons}},
    url = {http://www.sciencemag.org/cgi/content/full/162/3859/1243},
    volume = {162},
    year = {1968}
}

@inproceedings{Spasovski:2017:PSB:3167020.3167058,
 author = {Spasovski, Jason and Eklund, Peter},
 title = {Proof of Stake Blockchain: Performance and Scalability for Groupware Communications},
 booktitle = {Proceedings of the 9th International Conference on Management of Digital EcoSystems},
 series = {MEDES '17},
 year = {2017},
 isbn = {978-1-4503-4895-9},
 location = {Bangkok, Thailand},
 pages = {251--258},
 numpages = {8},
 url = {http://doi.acm.org/10.1145/3167020.3167058},
 doi = {10.1145/3167020.3167058},
 acmid = {3167058},
 publisher = {ACM},
 address = {New York, NY, USA},
 keywords = {Groupware communication, blockchain, distributed \& cloud computing, distributed ledger ecosystems, scale-free networks},
} 
